@article{shoham,
	author = {Shoham, Yoav},
	title = {Agent oriented programming: An overview of the framework and summary of recent research},
	journal = {Knowledge Representation and Reasoning Under Uncertainty},
	series = {Lecture Notes in Computer Science Volume 808},
	year = {1994},
	pages = {123--129},	
}

@inproceedings{villa2012,
	author = {MacAlpine, Patrick and Urieli, Daniel and Barrett, Samuel and Kalyanakrishnan, Shivaram and Barrera, Francisco and Lopez-Mobilia, Adrian and \c{S}tiurc\u{a}, Nicolae and Vu, Victor and Stone, Peter},
 	title = {{UT Austin Villa 2011}: A Champion Agent in the {RoboCup 3D} Soccer Simulation Competition},
 	booktitle = {Proceedings of the 11th International Conference on Autonomous Agents and Multiagent Systems - Volume 1},
 	series = {AAMAS '12},
 	year = {2012},
 	isbn = {0-9817381-1-7, 978-0-9817381-1-6},
 	location = {Valencia, Spain},
 	pages = {129--136},
 	numpages = {8},
 	url = {http://dl.acm.org/citation.cfm?id=2343576.2343594},
 	acmid = {2343594},
 	publisher = {International Foundation for Autonomous Agents and Multiagent Systems},
 	address = {Richland, SC},
 	keywords = {humanoid robotics, machine learning, robot soccer},
}

@incollection{villa2013,
	year={2013},
	isbn={978-3-642-39249-8},
	booktitle={RoboCup 2012: Robot Soccer World Cup XVI},
	volume={7500},
	series={Lecture Notes in Computer Science},
	editor={Chen, Xiaoping and Stone, Peter and Sucar, LuisEnrique and Zant, Tijn},
	doi={10.1007/978-3-642-39250-4_8},
	title={{UT Austin Villa}: RoboCup 2012 {3D} Simulation League Champion},
	url={http://dx.doi.org/10.1007/978-3-642-39250-4_8},
	publisher={Springer Berlin Heidelberg},
	author={MacAlpine, Patrick and Collins, Nick and Lopez-Mobilia, Adrian and Stone, Peter},
	pages={77-88}
}
@misc{villa_team,
	year = {2011},
	title = {{UT Austin Villa} 2011 {3D} Simulation Team report},
	author = {MacAlpine, Patrick and Urieli, Daniel and Barrett, Samuel and Kalyanakrishnan, Shivaram and Barrera, Francisco and Lopez-Mobilia, Adrian and \c{S}tiurc\u{a}, Nicolae and Vu, Victor and Stone, Peter},
	url = {},
	note = {Technical Report AI11-10, The Univ. of Texas at Austin, Dept. of Computer Science, AI Laboratory (2011)}

}
 
@INPROCEEDINGS{fc_portugal,
	author = {Ferreira, R. and Reis, L.P. and Moreira, A.P.},
	booktitle = {Information Systems and Technologies (CISTI), 2012 7th Iberian Conference on},
	title = {Omnidirectional kick for a humanoid robot},
	year = {2012},
	month = {June},
	pages = {1-6},
	keywords = {humanoid robots;path planning;robot kinematics;stability;ball directions;ball positions;humanoid robot;inverse kinematics 	module;omnidirectional kick;path planning module;robot stability;stability module;Foot;Joints;Kinematics;Robots;Standards;Thigh;Trajectory;Artificial Inteligence;Autonomous Agents;Human Behaviors;Robotics},
	ISSN = {2166-0727}
}

@incollection{bremen,
	year = {2011},
	isbn = {978-3-642-20216-2},
	booktitle = {RoboCup 2010: Robot Soccer World Cup XIV},
	volume = {6556},
	series = {Lecture Notes in Computer Science},
	editor = {Ruiz-del-Solar, Javier and Chown, Eric and Plöger, PaulG.},
	doi = {10.1007/978-3-642-20217-9_10},
	title = {Kicking a Ball – Modeling Complex Dynamic Motions for Humanoid Robots},
	url = {http://dx.doi.org/10.1007/978-3-642-20217-9_10},
	publisher = {Springer Berlin Heidelberg},
	author = {Müller, Judith and Laue, Tim and Röfer, Thomas},
	pages = {109-120}
}

@incollection{humboldt,
	year = {2010},
	isbn = {978-3-642-16110-0},
	booktitle = {KI 2010: Advances in Artificial Intelligence},
	volume = {6359},
	series = {Lecture Notes in Computer Science},
	editor = {Dillmann, Rüdiger and Beyerer, Jürgen and Hanebeck, UweD. and Schultz, Tanja},
	doi = {10.1007/978-3-642-16111-7_45},
	title = {Adaptive Motion Control: Dynamic Kick for a Humanoid Robot},
	url = {http://dx.doi.org/10.1007/978-3-642-16111-7_45},
	publisher = {Springer Berlin Heidelberg},
	author = {Xu, Yuan and Mellmann, Heinrich},
	pages = {392-399}
}

@mastersthesis{durcak,
	author = {Ďurčák, Lukáš},
	title = {Rozhodovacia logika agenta v simulovanom futbale },
	school = {Slovenská technická univerzita v Bratislave, Fakulta informatiky a informačných technológií}, 
	year = {2013},
	month = {máj},
	note = {},
	type = {Diplomová práca}
}

@mastersthesis{passak_peter,
	author = {Paššák, Peter},
	title = {Optimalizovanie robota pomocou evolučných algoritmov v {3D} simulovanom futbale},
	school = {Slovenská technická univerzita v Bratislave, Fakulta informatiky a informačných technológií}, 
	year = {2013},
	month = {máj},
	note = {},
	type = {Diplomová práca}
}

@mastersthesis{auder,
	author = {Auder, Miloš},
	title = {Schopnosti hráča {3D} simulovaného robotického futbalu},
	school = {Slovenská technická univerzita v Bratislave, Fakulta informatiky a informačných technológií}, 
	year = {2012},
	month = {máj},
	note = {},
	type = {Diplomová práca}
}

@mastersthesis{hudec,
	author = {Hudec, Ján},
	title = {Motorika hráča simulovaného robotického futbalu},
	school = {Slovenská technická univerzita v Bratislave, Fakulta informatiky a informačných technológií}, 
	year = {2012},
	month = {máj},
	note = {},
	type = {Diplomová práca}
}

@mastersthesis{passak_martin,
	author = {Paššák, Martin},
	title = {Interakcia medzi hráčom a loptou v {3D} 
simulovanom robotickom futbale},
	school = {Slovenská technická univerzita v Bratislave, Fakulta informatiky a informačných technológií}, 
	year = {2012},
	month = {máj},
	note = {},
	type = {Diplomová práca}
}

@mastersthesis{hujsi,
	author = {Hujsi, Ivan},
	title = {Rozšírenie schopnosti hráča simulovaného robotického futbalu narábať s loptou},
	school = {Slovenská technická univerzita v Bratislave, Fakulta informatiky a informačných technológií}, 
	year = {2011},
	month = {máj},
	note = {},
	type = {Diplomová práca}
}

@misc{robocup,
	title = {{RoboCup}. {Oficiálna} stránka.},
	url = {http://www.robocup.org/},
	note = {\url{http://www.robocup.org/}}
}

@misc{A55Kickers,
	author = {Červeňák, Matej and Grega, Jaroslav and Gregor, Martin and Nagy, Gábor and Ondrejkovič, Matúš and Sucháč, Filip and Chylík, Michal},
	title = {Tím {A55Kickers} - {Dokumentácia} k inžinierskemu dielu},
	year = {2013},
	note = {\url{http://labss2.fiit.stuba.sk/TeamProject/2012/team15is-si/dokumenty/dokumentacia_k_dielu_4.5.pdf}}
}
@misc{tim17zije,
	author = {Baďura, Filip and Bilevic, Roman and Bisták, Andrej and Blaho, Tomáš and Holák, Peter and Macho, Jozef and Paššák, Peter},
	title = {{Tím 17 žije} - {Dokumentácia} k inžinierskemu dielu},
	year = {2012},
	note = {\url{http://labss2.fiit.stuba.sk/TeamProject/2011/team17is-si/docs/dokumentacia-final.pdf}}
}

@misc{high5,
	author = {Baranček, Karol and Bimbo, Miroslav and Boleček, Tomáš and Jurčák, Ondrej and Sedláček, Andrej and Šimko, Ivan},
	title = {Tím {High 5} - {Dokumentácia} k inžinierskemu dielu},
	year = {2012},
	note = {\url{http://labss2.fiit.stuba.sk/TeamProject/2011/team05is-si/files/redmine/120411130802_120411_1Produkt.pdf}}
}

@article{kofinas,
	year = {2014},
	issn = {0921-0296},
	journal = { Journal of Intelligent and Robotic Systems},
	doi = {10.1007/s10846-013-0015-4},
	title = {Complete Analytical Forward and Inverse Kinematics for the NAO Humanoid Robot},
	url = {http://dx.doi.org/10.1007/s10846-013-0015-4},
	publisher = {Springer Netherlands},
	keywords = {Robot kinematics; Humanoid robots; Aldebaran NAO robot; 68T40; 53A17},
	author = {Kofinas, Nikolaos and Orfanoudakis, Emmanouil and Lagoudakis, MichailG.},
	pages = {1-14},
	language = {English}
}

@mastersthesis{kofinas_master,
	author = {Kofinas, Nikolaos},
	title = {Forward and Inverse Kinematics for the NAO Humanoid Robot},
	school = {Technical University of Crete, Greece, Department of Electronic and Computer Engineering}, 
	year = {2012},
	month = {july},
	note = {},
	type = {Diplomová práca}
}


@mastersthesis{bolecek,
	author = {Boleček, Tomáš},
	title = {Hráč simulovaného robotického futbalu },
	school = {Slovenská technická univerzita v Bratislave, Fakulta informatiky a informačných technológií}, 
	year = {2014},
	month = {máj},
	note = {},
	type = {Diplomová práca}
}

@mastersthesis{grega,
	author = {Grega, Jaroslav},
	title = {Robocup {3D} - Nižšie schopnosti hráča },
	school = {Slovenská technická univerzita v Bratislave, Fakulta informatiky a informačných technológií}, 
	year = {2014},
	month = {máj},
	note = {},
	type = {Diplomová práca}
}

@mastersthesis{kosicky,
	author = {Košický, Martin},
	title = Robocup {3D} - Nižšie schopnosti hráčov},
	school = {Slovenská technická univerzita v Bratislave, Fakulta informatiky a informačných technológií}, 
	year = {2014},
	month = {máj},
	note = {},
	type = {Diplomová práca}
}

@mastersthesis{mestanik,
	author = {Mešťaník, Pavol},
	title = {Robocup {3D} simulovaná liga Nižšie schopnosti hráča },
	school = {Slovenská technická univerzita v Bratislave, Fakulta informatiky a informačných technológií}, 
	year = {2014},
	month = {máj},
	note = {},
	type = {Diplomová práca}
}

@misc{simspark,
	year = {},
	title = {Simspark -- simulačné prostredie},
	author = {},
	url = {http://simspark.sourceforge.net/},
	note = {\url{http://simspark.sourceforge.net/}}
}